<marc:collection xmlns:marc="http://www.loc.gov/MARC21/slim" xmlns:xsi="http://www.w3.org/2001/XMLSchema-instance" xsi:schemaLocation="http://www.loc.gov/MARC21/slim http://www.loc.gov/standards/marcxml/schema/MARC21slim.xsd">
    <marc:record type="Bibliographic">
        <marc:leader>02900ceb a22005297a 4500</marc:leader>
        <marc:controlfield tag="001">7108980</marc:controlfield>
        <marc:controlfield tag="005">20140211123152.0</marc:controlfield>
        <marc:controlfield tag="006">edg    eg     0   </marc:controlfield>
        <marc:controlfield tag="007">aj canzn</marc:controlfield>
        <marc:controlfield tag="008">120703s1864    enkdg    eg     0   eng d</marc:controlfield>
        <marc:datafield tag="034" ind1="1" ind2=" ">
            <marc:subfield code="a">a</marc:subfield>
            <marc:subfield code="b">507000</marc:subfield>
            <marc:subfield code="d">074.916667</marc:subfield>
            <marc:subfield code="e">076.750000</marc:subfield>
            <marc:subfield code="f">36.250000</marc:subfield>
            <marc:subfield code="g">35.150000</marc:subfield>
        </marc:datafield>
        <marc:datafield tag="040" ind1=" " ind2=" ">
            <marc:subfield code="a">NjP</marc:subfield>
            <marc:subfield code="c">NjP</marc:subfield>
        </marc:datafield>
        <marc:datafield tag="041" ind1="0" ind2=" ">
            <marc:subfield code="a">eng</marc:subfield>
        </marc:datafield>
        <marc:datafield tag="043" ind1=" " ind2=" ">
            <marc:subfield code="a">a-----</marc:subfield>
            <marc:subfield code="a">a-pk---</marc:subfield>
        </marc:datafield>
        <marc:datafield tag="050" ind1=" " ind2="4">
            <marc:subfield code="a">G7402.K3C38 1864</marc:subfield>
            <marc:subfield code="b">.R6</marc:subfield>
        </marc:datafield>
        <marc:datafield tag="052" ind1=" " ind2=" ">
            <marc:subfield code="a">7402</marc:subfield>
            <marc:subfield code="b">.K3</marc:subfield>
        </marc:datafield>
        <marc:datafield tag="052" ind1=" " ind2=" ">
            <marc:subfield code="a">7643</marc:subfield>
            <marc:subfield code="b">B28</marc:subfield>
        </marc:datafield>
        <marc:datafield tag="100" ind1="1" ind2=" ">
            <marc:subfield code="a">Godwin-Austen, Henry Haversham,</marc:subfield>
            <marc:subfield code="d">1834-1923.</marc:subfield>
        </marc:datafield>
        <marc:datafield tag="245" ind1="1" ind2="0">
            <marc:subfield code="a">Sketch map of the glaciers of the Mustakh Range (Trans-Indus) and valley of Skardo &amp; c.</marc:subfield>
            <marc:subfield code="h">[cartographic material]  /</marc:subfield>
            <marc:subfield code="c">surveyed by Captn. H. H. Godwin-Austen[engraved by] Edwd. Weller.</marc:subfield>
        </marc:datafield>
        <marc:datafield tag="255" ind1=" " ind2=" ">
            <marc:subfield code="a">Scale [ca. 1:507,000]</marc:subfield>
            <marc:subfield code="c">(E 74°55'00"--E 76°45'00"/N 36°15'00"--N 35°09'00").</marc:subfield>
        </marc:datafield>
        <marc:datafield tag="260" ind1=" " ind2=" ">
            <marc:subfield code="a">London :</marc:subfield>
            <marc:subfield code="b">published for the Journal of the Royal Geographical Socy. by J. Murray, Albemarle Strt.,</marc:subfield>
            <marc:subfield code="c">1864.</marc:subfield>
        </marc:datafield>
        <marc:datafield tag="300" ind1=" " ind2=" ">
            <marc:subfield code="a">1 map :</marc:subfield>
            <marc:subfield code="b">col. ;</marc:subfield>
            <marc:subfield code="c">23 X 33 cm.</marc:subfield>
        </marc:datafield>
        <marc:datafield tag="500" ind1=" " ind2=" ">
            <marc:subfield code="a">Relief shown by hachures and spot heights.</marc:subfield>
        </marc:datafield>
        <marc:datafield tag="500" ind1=" " ind2=" ">
            <marc:subfield code="a">Glaciers are shown in green.</marc:subfield>
        </marc:datafield>
        <marc:datafield tag="500" ind1=" " ind2=" ">
            <marc:subfield code="a">Routes of expedition and locations of camps are shown.</marc:subfield>
        </marc:datafield>
        <marc:datafield tag="500" ind1=" " ind2=" ">
            <marc:subfield code="a">Lines of latitude and longitude every 10 minute were hand drawn after map was issued.</marc:subfield>
        </marc:datafield>
        <marc:datafield tag="500" ind1=" " ind2=" ">
            <marc:subfield code="a">From: The Journal of the Royal Geographical Society of London. Vol. 34, (1864), pp. 19-56; held in Firestone Library. Call number: G7 .J687 v.34 1864.</marc:subfield>
            <marc:subfield code="5">NjP</marc:subfield>
        </marc:datafield>
        <marc:datafield tag="501" ind1=" " ind2=" ">
            <marc:subfield code="a">Issued to accompany article: On the glaciers of the Mustakh Range / by Captain H. Godwin-Austen, F.R.G.S., Bengal S.C., late H.M. 24th Regt.., Assistant in the Great Trigonometrical Survey of India. Read before the Royal Geographical Society, January 11th, 1864.</marc:subfield>
            <marc:subfield code="5">NjP</marc:subfield>
        </marc:datafield>
        <marc:datafield tag="530" ind1=" " ind2=" ">
            <marc:subfield code="a">Available also online through the Princeton University Libraries, Digital Map &amp; Geographic Data Web site.</marc:subfield>
        </marc:datafield>
        <marc:datafield tag="530" ind1=" " ind2=" ">
            <marc:subfield code="a">Online version of article available through the JSTOR Web site. Access limited to subscribing member institutions only.</marc:subfield>
        </marc:datafield>
        <marc:datafield tag="650" ind1=" " ind2="0">
            <marc:subfield code="a">Glaciers</marc:subfield>
            <marc:subfield code="z">Karakoram Range</marc:subfield>
            <marc:subfield code="v">Maps.</marc:subfield>
        </marc:datafield>
        <marc:datafield tag="651" ind1=" " ind2="0">
            <marc:subfield code="a">Himalaya Mountains</marc:subfield>
            <marc:subfield code="x">Description and travel.</marc:subfield>
        </marc:datafield>
        <marc:datafield tag="651" ind1=" " ind2="0">
            <marc:subfield code="a">Karakoram Range</marc:subfield>
            <marc:subfield code="v">Maps.</marc:subfield>
        </marc:datafield>
        <marc:datafield tag="651" ind1=" " ind2="0">
            <marc:subfield code="a">K2 (Pakistan : Mountain)</marc:subfield>
            <marc:subfield code="v">Maps.</marc:subfield>
        </marc:datafield>
        <marc:datafield tag="651" ind1=" " ind2="0">
            <marc:subfield code="a">Baltistān District (Pakistan)</marc:subfield>
            <marc:subfield code="v">Maps.</marc:subfield>
        </marc:datafield>
        <marc:datafield tag="651" ind1=" " ind2="0">
            <marc:subfield code="a">Baltistan (Pakistan)</marc:subfield>
            <marc:subfield code="x">Description and travel.</marc:subfield>
        </marc:datafield>
        <marc:datafield tag="651" ind1=" " ind2="0">
            <marc:subfield code="a">Baltoro Glacier (Pakistan)</marc:subfield>
            <marc:subfield code="v">Maps.</marc:subfield>
        </marc:datafield>
        <marc:datafield tag="651" ind1=" " ind2="0">
            <marc:subfield code="a">Biafo Gyang Glacier (Pakistan)</marc:subfield>
            <marc:subfield code="v">Maps.</marc:subfield>
        </marc:datafield>
        <marc:datafield tag="655" ind1=" " ind2="7">
            <marc:subfield code="a">Topographic maps.</marc:subfield>
            <marc:subfield code="2">lcgft</marc:subfield>
        </marc:datafield>
        <marc:datafield tag="700" ind1="1" ind2=" ">
            <marc:subfield code="a">Weller, Edward,</marc:subfield>
            <marc:subfield code="d">d.1884,</marc:subfield>
            <marc:subfield code="e">engraver.</marc:subfield>
        </marc:datafield>
        <marc:datafield tag="710" ind1="2" ind2=" ">
            <marc:subfield code="a">Royal Geographical Society (Great Britain)</marc:subfield>
        </marc:datafield>
        <marc:datafield tag="710" ind1="2" ind2=" ">
            <marc:subfield code="a">John Murray (Firm),</marc:subfield>
            <marc:subfield code="e">publisher.</marc:subfield>
        </marc:datafield>
        <marc:datafield tag="773" ind1="0" ind2=" ">
            <marc:subfield code="t">Journal of the Royal Geographical Society of London.</marc:subfield>
            <marc:subfield code="g">Vol. 34, (1864), p.19-56, facing page 19.</marc:subfield>
            <marc:subfield code="d">London : John Murray.</marc:subfield>
        </marc:datafield>
        <marc:datafield tag="852" ind1="8" ind2=" ">
            <marc:subfield code="a">scimap</marc:subfield>
            <marc:subfield code="h">G7402.K3C38 1864</marc:subfield>
            <marc:subfield code="i">.R6</marc:subfield>
        </marc:datafield>
        <marc:datafield tag="856" ind1="4" ind2="1">
            <marc:subfield code="z">See the map</marc:subfield>
            <marc:subfield code="u">http://gisserver.princeton.edu/map/26876</marc:subfield>
        </marc:datafield>
        <marc:datafield tag="856" ind1="4" ind2="2">
            <marc:subfield code="u">http://www.jstor.org/stable/1798464</marc:subfield>
        </marc:datafield>
        <marc:datafield tag="902" ind1=" " ind2=" ">
            <marc:subfield code="a">mapst1</marc:subfield>
            <marc:subfield code="b">x</marc:subfield>
            <marc:subfield code="6">e</marc:subfield>
            <marc:subfield code="7">b</marc:subfield>
            <marc:subfield code="d">v</marc:subfield>
            <marc:subfield code="f">1</marc:subfield>
            <marc:subfield code="e">20120703</marc:subfield>
        </marc:datafield>
    </marc:record>
    <marc:record type="Holdings">
        <marc:leader>00279cx  a22000851  4500</marc:leader>
        <marc:controlfield tag="001">6979132</marc:controlfield>
        <marc:controlfield tag="004">7108980</marc:controlfield>
        <marc:controlfield tag="005">20130805112953.0</marc:controlfield>
        <marc:controlfield tag="008">1207034u    8   1001uu   0901128</marc:controlfield>
        <marc:datafield tag="852" ind1="8" ind2=" ">
            <marc:subfield code="b">scimap</marc:subfield>
            <marc:subfield code="h">G7402.K3C38 1864 1864</marc:subfield>
            <marc:subfield code="i">.R6</marc:subfield>
            <marc:subfield code="z">Map is accompanied by a book. To locate volume, search call number: G7 .J687 v.34 1864</marc:subfield>
        </marc:datafield>
    </marc:record>
</marc:collection>
